@book{koza92,
		author    = "Koza, John R.",
		title     = "Genetic Programming: On the Programming of Computers by Means of Natural Selection",
		publisher = "MIT Press",
		year      = "1992"
}


@misc{ decisiontrees,
       author = "IBM",
       title = "What is a decision tree?",
       year = "-",
       howpublished = {\url{https://www.ibm.com/topics/decision-trees#:~:text=A%20decision%20tree%20is%20a,internal%20nodes%20and%20leaf%20nodes.}},
       note = "[Internet; visitado 15-marzo-2024]"
}

@misc{ entropy_dash,
       author = "Dash, Shailey",
       title = "Decision Trees Explained — Entropy, Information Gain, Gini Index, CCP Pruning",
       year = "2022",
       howpublished = {\url{https://towardsdatascience.com/decision-trees-explained-entropy-information-gain-gini-index-ccp-pruning-4d78070db36c#:~:text=In%20the%20context%20of%20Decision,only%20pass%20or%20only%20fail.}},
       note = "[Internet; visitado 29-marzo-2024]"
}

@misc{ entropy_T,
       author = "T, Sam",
       title = "Entropy: How Decision Trees Make Decisions",
       year = "2019",
       howpublished = {\url{https://towardsdatascience.com/entropy-how-decision-trees-make-decisions-2946b9c18c8}},
       note = "[Internet; visitado 29-marzo-2024]"
}

@misc{ conditional_entropy_wiki,
       author = "Wikipedia",
       title = "Conditional entropy",
       year = "2024",
       howpublished = {\url{https://en.wikipedia.org/wiki/Conditional_entropy}},
       note = "[Internet; visitado 29-marzo-2024]"
}

@misc{ bootstrap5_tutorial,
       author = "W3Schools",
       title = "Bootstrap 5 Tutorial",
       year = "2024",
       howpublished = {\url{https://www.w3schools.com/bootstrap5/index.php}},
       note = "[Internet; visitado 15-abril-2024]"
}

@misc{ d3js_what_is_d3,
       author = "Bostock, Mike and Observable, Inc.",
       title = "What is D3?",
       year = "2024",
       howpublished = {\url{https://d3js.org/what-is-d3}},
       note = "[Internet; visitado 15-abril-2024]"
}

@misc{ pycharm,
       author = "JetBrains s.r.o.",
       title = "The Python IDE for data science and web development",
       year = "2024",
       howpublished = {\url{https://www.jetbrains.com/pycharm/}},
       note = "[Internet; visitado 21-abril-2024]"
}

@misc{ vscode,
       author = "Microsoft",
       title = "Code editing. Redefined.",
       year = "2024",
       howpublished = {\url{https://code.visualstudio.com}},
       note = "[Internet; visitado 21-abril-2024]"
}

@misc{ machine_learning,
       author = "Wikipedia",
       title = "Machine learning",
       year = "2024",
       howpublished = {\url{https://en.wikipedia.org/wiki/Machine_learning}},
       note = "[Internet; visitado 30-abril-2024]"
}

@misc{ classification_regression,
       author = "Keita, Zoumana",
       title = "Classification in Machine Learning: An Introduction",
       year = "2022",
       howpublished = {\url{https://www.datacamp.com/blog/classification-machine-learning}},
       note = "[Internet; visitado 30-abril-2024]"
}

@misc{ clustering,
       author = "Ali, Moez",
       title = "Clustering in Machine Learning: 5 Essential Clustering Algorithms",
       year = "2022",
       howpublished = {\url{https://www.datacamp.com/blog/clustering-in-machine-learning-5-essential-clustering-algorithms}},
       note = "[Internet; visitado 30-abril-2024]"
}

@misc{ knn,
       author = "IBM",
       title = "What is the k-nearest neighbors (KNN) algorithm?",
       year = "2024",
       howpublished = {\url{https://www.ibm.com/topics/knn#:~:text=The%20k-nearest%20neighbors%20(KNN,used%20in%20machine%20learning%20today.}},
       note = "[Internet; visitado 02-mayo-2024]"
}

@misc{ svm,
       author = "Wikipedia",
       title = "Support vector machine",
       year = "2024",
       howpublished = {\url{https://en.wikipedia.org/wiki/Support_vector_machine}},
       note = "[Internet; visitado 02-mayo-2024]"
}

@misc{ logistic_regression,
       author = "IBM",
       title = "What is logistic regression?",
       year = "2024",
       howpublished = {\url{https://www.ibm.com/topics/logistic-regression}},
       note = "[Internet; visitado 02-mayo-2024]"
}

@misc{ evaluation_metrics,
       author = "Agrawal, Sumeet Kumar",
       title = "Metrics to Evaluate your Classification Model to take the right decisions",
       year = "2024",
       howpublished = {\url{https://www.analyticsvidhya.com/blog/2021/07/metrics-to-evaluate-your-classification-model-to-take-the-right-decisions/}},
       note = "[Internet; visitado 02-mayo-2024]"
}

@misc{ web_thoth,
       author = "Ramos Pérez, Ismael",
       title = "Seshat Tool",
       year = "2018",
       howpublished = {\url{http://cgosorio.es/Seshat/}},
       note = "[Internet; visitado 04-mayo-2024]"
}

@misc{ svm_demo,
       author = "Greitemann, Jonas",
       title = "Interactive demo of Support Vector Machines (SVM)",
       year = "2018",
       howpublished = {\url{https://greitemann.dev/svm-demo}},
       note = "[Internet; visitado 04-mayo-2024]"
}

@misc{ neural_network_math_demo,
       author = "Alammar, Jay",
       title = "A Visual And Interactive Look at Basic Neural Network Math",
       year = "2018",
       howpublished = {\url{https://jalammar.github.io/feedforward-neural-networks-visual-interactive/}},
       note = "[Internet; visitado 04-mayo-2024]"
}

@misc{ feature_selection,
       author = "Rosidi, Nate",
       title = "Advanced Feature Selection Techniques for Machine Learning Models",
       year = "2023",
       howpublished = {\url{https://www.kdnuggets.com/2023/06/advanced-feature-selection-techniques-machine-learning-models.html}},
       note = "[Internet; visitado 14-mayo-2024]"
}

@misc{ information_gain_wiki,
       author = "Wikipedia",
       title = "Information gain (decision tree)",
       year = "2024",
       howpublished = {\url{https://en.wikipedia.org/wiki/Information_gain_(decision_tree)}},
       note = "[Internet; visitado 14-mayo-2024]"
}

@misc{ feature_selection_fishers_score,
       author = "Tang, Jiliang",
       title = "Feature Selection for
Classification: A Review",
       year = "2014",
       howpublished = {\url{https://www.cse.msu.edu/~tangjili/publication/feature_selection_for_classification.pdf}},
       note = "[Internet; visitado 14-mayo-2024]"
}


@article{bortolot2005,
  title={Estimating forest biomass using small footprint LiDAR data: An individual tree-based approach that incorporates training data},
  author={Bortolot, Zachary J and Wynne, Randolph H},
  journal={ISPRS Journal of Photogrammetry and Remote Sensing},
  volume={59},
  number={6},
  pages={342--360},
  year={2005},
  publisher={Elsevier}
}