@book{koza92,
		author    = "Koza, John R.",
		title     = "Genetic Programming: On the Programming of Computers by Means of Natural Selection",
		publisher = "MIT Press",
		year      = "1992"
}


@misc{ wiki:latex,
       author = "Wikipedia",
       title = "LaTeX --- Wikipedia{,} La enciclopedia libre",
       year = "2015",
       url = "https://es.wikipedia.org/w/index.php?title=LaTeX&oldid=84209252",
       note = "[Internet; descargado 30-septiembre-2015]"
}

@misc{ minimum_wage_spain_2024,
       author = "WageIndicator",
       title = "Salario mínimo – España",
       year = "2024",
       url = "https://tusalario.es/salario/minimo",
       note = "[Internet; visited 09-june-2024]"
}

@misc{ spain_taxes,
       author = "PwC Spain",
       title = "Spain Individual - Other taxes",
       year = "2024",
       url = "https://taxsummaries.pwc.com/spain/individual/other-taxes",
       note = "[Internet; visited 09-june-2024]"
}